@ARTICLE{2008PASP..120..583G,
   author = {{Girardi}, L. and {Dalcanton}, J. and {Williams}, B. and {de Jong}, R. and 
	{Gallart}, C. and {Monelli}, M. and {Groenewegen}, M.~A.~T. and 
	{Holtzman}, J.~A. and {Olsen}, K.~A.~G. and {Seth}, A.~C. and 
	{Weisz}, D.~R. and {the ANGST/ANGRRR Collaboration}},
    title = "{Revised Bolometric Corrections and Interstellar Extinction Coefficients for the ACS and WFPC2 Photometric Systems}",
  journal = {\pasp},
archivePrefix = "arXiv",
   eprint = {0804.0498},
     year = {2008},
    month = may,
   volume = 120,
    pages = {583},
      doi = {10.1086/588526},
   adsurl = {http://adsabs.harvard.edu/abs/2008PASP..120..583G},
  adsnote = {Provided by the SAO/NASA Astrophysics Data System}
}

@ARTICLE{2017RSOS....470192S,
   author = {{Salaris}, M. and {Cassisi}, S.},
    title = "{Chemical element transport in stellar evolution models}",
  journal = {Royal Society Open Science},
archivePrefix = "arXiv",
   eprint = {1707.07454},
 primaryClass = "astro-ph.SR",
     year = 2017,
    month = aug,
   volume = 4,
      eid = {170192},
    pages = {170192},
      doi = {10.1098/rsos.170192},
   adsurl = {http://adsabs.harvard.edu/abs/2017RSOS....470192S},
  adsnote = {Provided by the SAO/NASA Astrophysics Data System}
}

@ARTICLE{2004astro.ph..5087C,
   author = {{Castelli}, F. and {Kurucz}, R.~L.},
    title = "{New Grids of ATLAS9 Model Atmospheres}",
  journal = {ArXiv Astrophysics e-prints},
   eprint = {astro-ph/0405087},
 keywords = {Astrophysics},
     year = 2004,
    month = may,
   adsurl = {http://adsabs.harvard.edu/abs/2004astro.ph..5087C},
  adsnote = {Provided by the SAO/NASA Astrophysics Data System}
}

@ARTICLE{2018MNRAS.479L.102C,
   author = {{Casagrande}, L. and {VandenBerg}, D.~A.},
    title = "{On the use of Gaia magnitudes and new tables of bolometric corrections}",
  journal = {\mnras},
archivePrefix = "arXiv",
   eprint = {1806.01953},
 primaryClass = "astro-ph.SR",
 keywords = {techniques: photometric, stars: atmospheres, stars: fundamental parameters, stars: Hertzsprung-Russell and colour-magnitude diagrams},
     year = 2018,
    month = sep,
   volume = 479,
    pages = {L102-L107},
      doi = {10.1093/mnrasl/sly104},
   adsurl = {http://adsabs.harvard.edu/abs/2018MNRAS.479L.102C},
  adsnote = {Provided by the SAO/NASA Astrophysics Data System}
}

@ARTICLE{1989ApJ...345..245C,
   author = {{Cardelli}, J.~A. and {Clayton}, G.~C. and {Mathis}, J.~S.},
    title = "{The relationship between infrared, optical, and ultraviolet extinction}",
  journal = {\apj},
 keywords = {Infrared Spectra, Interstellar Extinction, Ultraviolet Spectra, Visible Spectrum, Computational Astrophysics, Interstellar Matter, Iue},
     year = 1989,
    month = oct,
   volume = 345,
    pages = {245-256},
      doi = {10.1086/167900},
   adsurl = {http://adsabs.harvard.edu/abs/1989ApJ...345..245C},
  adsnote = {Provided by the SAO/NASA Astrophysics Data System}
}

@ARTICLE{2004ApJ...612..168P,
   author = {{Pietrinferni}, A. and {Cassisi}, S. and {Salaris}, M. and {Castelli}, F.
	},
    title = "{A Large Stellar Evolution Database for Population Synthesis Studies. I. Scaled Solar Models and Isochrones}",
  journal = {\apj},
   eprint = {astro-ph/0405193},
 keywords = {Galaxies: Stellar Content, Galaxy: Disk, Galaxy: Open Clusters and Associations: General, Stars: Evolution, Stars: Horizontal-Branch},
     year = 2004,
    month = sep,
   volume = 612,
    pages = {168-190},
      doi = {10.1086/422498},
   adsurl = {http://adsabs.harvard.edu/abs/2004ApJ...612..168P},
  adsnote = {Provided by the SAO/NASA Astrophysics Data System}
}