@ARTICLE{1908AnP...330..377M,
       author = {{Mie}, Gustav},
        title = "{Beitr{\"a}ge zur Optik tr{\"u}ber Medien, speziell kolloidaler Metall{\"o}sungen}",
      journal = {Annalen der Physik},
         year = "1908",
        month = "Jan",
       volume = {330},
       number = {3},
        pages = {377-445},
      adsnote = {Provided by the SAO/NASA Astrophysics Data System}
}

@ARTICLE{2003JGRA..108.8030L,
       author = {{Landgraf}, M. and {Kr{\"u}ger}, H. and {Altobelli}, N. and
         {Gr{\"u}n}, E.},
        title = "{Penetration of the heliosphere by the interstellar dust stream during solar maximum}",
      journal = {Journal of Geophysical Research (Space Physics)},
     keywords = {Interplanetary Physics: Interplanetary magnetic fields, Interplanetary Physics: Solar cycle variations (7536), Interplanetary Physics: Solar wind plasma, Planetology: Comets and Small Bodies: Dust, Solar Physics, Astrophysics, and Astronomy: Magnetic fields, dust, interstellar, Ulysses, heliosphere, solar maximum, dynamics},
         year = "2003",
        month = "Oct",
       volume = {108},
       number = {A10},
          eid = {8030},
        pages = {8030},
      adsnote = {Provided by the SAO/NASA Astrophysics Data System}
}

@ARTICLE{2000JGR...10510299W,
       author = {{Witt}, A.~N.},
        title = "{Small and very small interstellar grains}",
      journal = {Journal of Geophysical Research (Space Physics)},
     keywords = {Interplanetary Physics: Heliopause and solar wind termination, Interplanetary Physics: Interplanetary dust, Solar Physics, Astrophysics, and Astronomy, Space Plasma Physics: Radiation processes, Astrophysics},
         year = "2000",
        month = "May",
       volume = {105},
       number = {A5},
        pages = {10299-10302},
archivePrefix = {arXiv},
       eprint = {astro-ph/9910259},
 primaryClass = {astro-ph},
      adsnote = {Provided by the SAO/NASA Astrophysics Data System}
}

@ARTICLE{2008PASP..120..583G,
   author = {{Girardi}, L. and {Dalcanton}, J. and {Williams}, B. and {de Jong}, R. and 
	{Gallart}, C. and {Monelli}, M. and {Groenewegen}, M.~A.~T. and 
	{Holtzman}, J.~A. and {Olsen}, K.~A.~G. and {Seth}, A.~C. and 
	{Weisz}, D.~R. and {the ANGST/ANGRRR Collaboration}},
    title = "{Revised Bolometric Corrections and Interstellar Extinction Coefficients for the ACS and WFPC2 Photometric Systems}",
  journal = {\pasp},
archivePrefix = "arXiv",
   eprint = {0804.0498},
     year = {2008},
    month = may,
   volume = 120,
    pages = {583},
  adsnote = {Provided by the SAO/NASA Astrophysics Data System}
}

@ARTICLE{2005PASP..117.1049S,
       author = {{Sirianni}, M. and {Jee}, M.~J. and {Ben{\'\i}tez}, N. and
         {Blakeslee}, J.~P. and {Martel}, A.~R. and {Meurer}, G. and
         {Clampin}, M. and {De Marchi}, G. and {Ford}, H.~C. and {Gilliland}, R.},
        title = "{The Photometric Performance and Calibration of the Hubble Space Telescope Advanced Camera for Surveys}",
      journal = {\pasp},
     keywords = {Instrumentation: Detectors, Instrumentation: Photometers, Techniques: Photometric, Methods: Data Analysis, Astrophysics},
         year = "2005",
        month = "Oct",
       volume = {117},
       number = {836},
        pages = {1049-1112},
archivePrefix = {arXiv},
       eprint = {astro-ph/0507614},
 primaryClass = {astro-ph},
      adsnote = {Provided by the SAO/NASA Astrophysics Data System}
}

@TECHREPORT{2014wfc..rept...16S,
       author = {{Sahu}, Kailash and {Deustua}, Susana and {Sabbi}, Elena},
        title = "{WFC3/UVIS Photometric Transformations}",
      journal = {Instrument Science Report WFC3 2014-016, 10 pages},
     keywords = {Hubble Space Telescope, Space Telescope Science Institute, STScI, HST},
    booktitle = {Space Telescope WFC Instrument Science Report},
         year = "2014",
        month = "Jul",
        pages = {16},
      adsnote = {Provided by the SAO/NASA Astrophysics Data System}
}

@ARTICLE{1998MNRAS.298..525P,
   author = {{Pols}, O.~R. and {Schr{\"o}der}, K.-P. and {Hurley}, J.~R. and 
	{Tout}, C.~A. and {Eggleton}, P.~P.},
    title = "{Stellar evolution models for Z = 0.0001 to 0.03}",
  journal = {\mnras},
 keywords = {CONVECTION, STARS: EVOLUTION, HERTZSPRUNG-RUSSELL (HR) DIAGRAM, STARS: POPULATION II, OPEN CLUSTERS AND ASSOCIATIONS: GENERAL, GALAXIES: STELLAR CONTENT},
     year = 1998,
    month = aug,
   volume = 298,
    pages = {525-536},
  adsnote = {Provided by the SAO/NASA Astrophysics Data System}
}

@ARTICLE{2019MNRAS.483.4949G,
       author = {{Gontcharov}, George A. and {Mosenkov}, Aleksandr V. and {Khovritchev}, Maxim Yu},
        title = "{Isochrone fitting of Galactic globular clusters - I. NGC 5904}",
      journal = {\mnras},
     keywords = {Hertzsprung--Russell and colour-magnitude diagrams, dust, extinction, globular clusters: general, globular clusters: individual: NGC 5904 (M5), Astrophysics - Astrophysics of Galaxies},
         year = "2019",
        month = "Mar",
       volume = {483},
       number = {4},
        pages = {4949-4967},
archivePrefix = {arXiv},
       eprint = {1812.06433},
 primaryClass = {astro-ph.GA},
      adsnote = {Provided by the SAO/NASA Astrophysics Data System}
}

@ARTICLE{1998ApJ...494L.219P,
       author = {{Paczy{\'n}ski}, Bohdan and {Stanek}, Krzysztof Z.},
        title = "{Galactocentric Distance with the Optical Gravitational Lensing Experiment and HIPPARCOS Red Clump Stars}",
      journal = {\apj},
     keywords = {GALAXY: CENTER, GALAXY: FUNDAMENTAL PARAMETERS, GALAXY: SOLAR NEIGHBORHOOD, GALAXY: STELLAR CONTENT, STARS: HORIZONTAL-BRANCH, Galaxy: Center, Galaxy: Fundamental Parameters, Galaxy: Stellar Content, Galaxy: Solar Neighborhood, Stars: Horizontal-Branch, Astrophysics},
         year = "1998",
        month = "Feb",
       volume = {494},
       number = {2},
        pages = {L219-L222},
archivePrefix = {arXiv},
       eprint = {astro-ph/9708080},
 primaryClass = {astro-ph},
      adsnote = {Provided by the SAO/NASA Astrophysics Data System}
}

@ARTICLE{1992ApJS...78..517C,
       author = {{Castellani}, Vittorio and {Chieffi}, Alessandro and {Straniero}, Oscar},
        title = "{The Evolution through H and He Burning of Galactic Cluster Stars}",
      journal = {\apjs},
     keywords = {Globular Clusters, Metallicity, Stellar Evolution, Stellar Models, Color-Magnitude Diagram, Helium, Hydrogen, Red Giant Stars, Stellar Luminosity, Stellar Mass, Astrophysics, NUCLEAR REACTIONS, NUCLEOSYNTHESIS, ABUNDANCES, STARS: ABUNDANCES, STARS: EVOLUTION, STARS: INTERIORS},
         year = "1992",
        month = "Feb",
       volume = {78},
        pages = {517},
      adsnote = {Provided by the SAO/NASA Astrophysics Data System}
}

@ARTICLE{2001MNRAS.323..109G,
       author = {{Girardi}, L{\'e}o and {Salaris}, Maurizio},
        title = "{Population effects on the red giant clump absolute magnitude, and distance determinations to nearby galaxies}",
      journal = {\mnras},
     keywords = {HERTZSPRUNG-RUSSELL (HR) DIAGRAM, STARS: HORIZONTAL BRANCH, STARS: LUMINOSITY FUNCTION, MASS FUNCTION, SOLAR NEIGHBOURHOOD, MAGELLANIC CLOUDS, GALAXIES: STELLAR CONTENT, Astrophysics},
         year = "2001",
        month = "May",
       volume = {323},
       number = {1},
        pages = {109-129},
archivePrefix = {arXiv},
       eprint = {astro-ph/0007343},
 primaryClass = {astro-ph},
      adsnote = {Provided by the SAO/NASA Astrophysics Data System}
}

@ARTICLE{2004ApJ...611..871D,
   author = {{D'Antona}, F. and {Caloi}, V.},
    title = "{The Early Evolution of Globular Clusters: The Case of NGC 2808}",
  journal = {\apj},
   eprint = {astro-ph/0405016},
 keywords = {Galaxy: Globular Clusters: General, Galaxy: Globular Clusters: Individual: NGC Number: NGC 2808, Stars: Evolution, Stars: Horizontal-Branch},
     year = 2004,
    month = aug,
   volume = 611,
    pages = {871-880},
  adsnote = {Provided by the SAO/NASA Astrophysics Data System}
}

@ARTICLE{2001ApJ...551L..85Z,
   author = {{Zhao}, G. and {Qiu}, H.~M. and {Mao}, S.},
    title = "{High-Resolution Spectroscopic Observations of Hipparcos Red Clump Giants: Metallicity and Mass Determinations}",
  journal = {\apjl},
 keywords = {Stars: Abundances, Stars: Distances, Stars: Late-Type},
     year = 2001,
    month = apr,
   volume = 551,
    pages = {L85-L88},
  adsnote = {Provided by the SAO/NASA Astrophysics Data System}
}

@ARTICLE{1985ApJ...288..618R,
       author = {{Rieke}, G.~H. and {Lebofsky}, M.~J.},
        title = "{The interstellar extinction law from 1 to 13 microns.}",
      journal = {\apj},
     keywords = {Galactic Nuclei, Infrared Astronomy, Interstellar Extinction, Interstellar Matter, Molecular Clouds, Astrophysics},
         year = "1985",
        month = "Jan",
       volume = {288},
        pages = {618-621},
      adsnote = {Provided by the SAO/NASA Astrophysics Data System}
}

@ARTICLE{2013ApJ...775..134V,
       author = {{VandenBerg}, Don A. and {Brogaard}, K. and {Leaman}, R. and {Casagrande}, L.},
        title = "{The Ages of 55 Globular Clusters as Determined Using an Improved \textbackslashDelta V\^HB\_TO Method along with Color-Magnitude Diagram Constraints, and Their Implications for Broader Issues}",
      journal = {\apj},
     keywords = {globular clusters: general, stars: abundances, stars: evolution, stars: interiors, stars: Population II, Astrophysics - Galaxy Astrophysics},
         year = "2013",
        month = "Oct",
       volume = {775},
       number = {2},
          eid = {134},
        pages = {134},
archivePrefix = {arXiv},
       eprint = {1308.2257},
 primaryClass = {astro-ph.GA},
      adsnote = {Provided by the SAO/NASA Astrophysics Data System}
}

@ARTICLE{2007PASP..119..605B,
   author = {{Bessell}, M.~S.},
    title = "{Measuring the Balmer Jump and the Effective Gravity in FGK Stars}",
  journal = {\pasp},
archivePrefix = "arXiv",
   eprint = {0706.2739},
 keywords = {Stars},
     year = 2007,
    month = jun,
   volume = 119,
    pages = {605-615},
  adsnote = {Provided by the SAO/NASA Astrophysics Data System}
}

@ARTICLE{1994ApJ...422..158O,
       author = {{O'Donnell}, James E.},
        title = "{R v-dependent Optical and Near-Ultraviolet Extinction}",
      journal = {\apj},
     keywords = {Interstellar Extinction, Light (Visible Radiation), Near Infrared Radiation, Ultraviolet Radiation, Astronomical Photometry, Iue, Astrophysics, ISM: DUST, EXTINCTION},
         year = "1994",
        month = "Feb",
       volume = {422},
        pages = {158},
      adsnote = {Provided by the SAO/NASA Astrophysics Data System}
}

@ARTICLE{1953ApJ...117..313J,
   author = {{Johnson}, H.~L. and {Morgan}, W.~W.},
    title = "{Fundamental stellar photometry for standards of spectral type on the revised system of the Yerkes spectral atlas}",
  journal = {\apj},
     year = 1953,
    month = may,
   volume = 117,
    pages = {313},
  adsnote = {Provided by the SAO/NASA Astrophysics Data System}
}


@ARTICLE{1990PASP..102.1181B,
   author = {{Bessell}, M.~S.},
    title = "{UBVRI passbands}",
  journal = {\pasp},
 keywords = {Astronomical Photometry, Spectral Bands, Ubv Spectra, Charge Coupled Devices, Reference Stars, Stellar Color, Stellar Magnitude},
     year = 1990,
    month = oct,
   volume = 102,
    pages = {1181-1199},
  adsnote = {Provided by the SAO/NASA Astrophysics Data System}
}

@ARTICLE{2018MNRAS.475.4088L,
       author = {{Lagioia}, E.~P. and {Milone}, A.~P. and {Marino}, A.~F. and
         {Cassisi}, S. and {Aparicio}, A.~J. and {Piotto}, G. and
         {Anderson}, J. and {Barbuy}, B. and {Bedin}, L.~R. and {Bellini}, A.},
        title = "{The Hubble Space Telescope UV Legacy Survey of Galactic Globular Clusters - XII. The RGB bumps of multiple stellar populations}",
      journal = {\mnras},
     keywords = {stars: abundances, stars: evolution, Hertzsprung-Russell and colour-magnitude diagrams, stars: luminosity function, mass function, stars: Population II, Astrophysics - Solar and Stellar Astrophysics, Astrophysics - Astrophysics of Galaxies},
         year = "2018",
        month = "Apr",
       volume = {475},
       number = {3},
        pages = {4088-4103},
archivePrefix = {arXiv},
       eprint = {1801.03395},
 primaryClass = {astro-ph.SR},
      adsnote = {Provided by the SAO/NASA Astrophysics Data System}
}

@ARTICLE{1999PASP..111...63F,
       author = {{Fitzpatrick}, Edward L.},
        title = "{Correcting for the Effects of Interstellar Extinction}",
      journal = {\pasp},
     keywords = {ISM: DUST, EXTINCTION, Astrophysics},
         year = "1999",
        month = "Jan",
       volume = {111},
       number = {755},
        pages = {63-75},
archivePrefix = {arXiv},
       eprint = {astro-ph/9809387},
 primaryClass = {astro-ph},
      adsnote = {Provided by the SAO/NASA Astrophysics Data System}
}

@TECHREPORT{2010wfc..rept...14K,
       author = {{Kalirai}, J.~S. and {Baggett}, S. and {Borders}, T. and {Rajan}, A.},
        title = "{The Photometric Performance of WFC3/UVIS: Temporal Stability Through Year 1}",
      journal = {Instrument Science Report WFC3 2010-14, 12 pages},
     keywords = {Hubble Space Telescope, HST, Space Telescope Science Institute, WFC3, Wide Field Camera 3},
    booktitle = {Space Telescope WFC Instrument Science Report},
         year = "2010",
        month = "Oct",
        pages = {14},
       adsurl = {https://ui.adsabs.harvard.edu/abs/2010wfc..rept...14K},
      adsnote = {Provided by the SAO/NASA Astrophysics Data System}
}

@INPROCEEDINGS{2010SPIE.7731E..0ZM,
   author = {{MacKenty}, J.~W. and {Kimble}, R.~A. and {O'Connell}, R.~W. and 
	{Townsend}, J.~A.},
    title = "{On-orbit performance of HST Wide Field Camera 3}",
booktitle = {Space Telescopes and Instrumentation 2010: Optical, Infrared, and Millimeter Wave},
     year = 2010,
   series = {\procspie},
   volume = 7731,
    month = jul,
      eid = {77310Z},
    pages = {77310Z},
  adsnote = {Provided by the SAO/NASA Astrophysics Data System}
}

@ARTICLE{2007AJ....133.1658S,
       author = {{Sarajedini}, Ata and {Bedin}, Luigi R. and {Chaboyer}, Brian and
         {Dotter}, Aaron and {Siegel}, Michael and {Anderson}, Jay and
         {Aparicio}, Antonio and {King}, Ivan and {Majewski}, Steven and
         {Mar{\'\i}n-Franch}, A. and {Piotto}, Giampaolo and {Reid}, I. Neill and
         {Rosenberg}, Alfred},
        title = "{The ACS Survey of Galactic Globular Clusters. I. Overview and Clusters without Previous Hubble Space Telescope Photometry}",
      journal = {\aj},
     keywords = {globular clusters: individual: E3: Lyng{\r{a}} 7: NGC 5053: NGC 5466: NGC 6144: NGC 6366: NGC 6779: Palomar 1: Palomar 2, Hertzsprung-Russell diagram, Astrophysics},
         year = "2007",
        month = "Apr",
       volume = {133},
       number = {4},
        pages = {1658-1672},
archivePrefix = {arXiv},
       eprint = {astro-ph/0612598},
 primaryClass = {astro-ph},
      adsnote = {Provided by the SAO/NASA Astrophysics Data System}
}

@article{10.2307/96756,
 ISSN = {00804630},
 author = {H. Kuhn},
 journal = {Proceedings of the Royal Society of London. Series A, Mathematical and Physical Sciences},
 number = {893},
 pages = {230--241},
 publisher = {The Royal Society},
 title = {Pressure Broadening of Spectral Lines and van der Waals Forces. II. Continuous Broadening and Discrete Bands in Pure Mercury Vapour},
 volume = {158},
 year = {1937}
}

@ARTICLE{2005JPhA...38.1553C,
       author = {{Chair}, Noureddine and {Dalabeeh}, Mohammad A.},
        title = "{The noncommutative quadratic Stark effect for the H-atom}",
      journal = {Journal of Physics A Mathematical General},
     keywords = {High Energy Physics - Theory},
         year = "2005",
        month = "Feb",
       volume = {38},
       number = {7},
        pages = {1553-1558},
archivePrefix = {arXiv},
       eprint = {hep-th/0409221},
 primaryClass = {hep-th},
      adsnote = {Provided by the SAO/NASA Astrophysics Data System}
}

@ARTICLE{1995A&AS..109..293G,
   author = {{Grebel}, E.~K. and {Roberts}, W.~J.},
    title = "{Heterochromatic extinction. I. Dependence of interstellar extinction on stellar temperature, surface gravity, and metallicity.}",
  journal = {\aaps},
 keywords = {ISM: DUST, EXTINCTION, TECHNIQUES: PHOTOMETRIC, STARS: FUNDAMENTAL PARAMETERS},
     year = {1995},
    month = feb,
   volume = 109,
    pages = {293-312},
  adsnote = {Provided by the SAO/NASA Astrophysics Data System}
}

@article{Peach_1984,
	year = 1984,
	month = {jul},
	publisher = {{IOP} Publishing},
	volume = {17},
	number = {13},
	pages = {2599--2618},
	author = {G Peach},
	title = {Unified theories of the pressure broadening and shift of spectral lines. I. General formulation for multipole interactions},
	journal = {Journal of Physics B: Atomic and Molecular Physics},
}

@ARTICLE{1995ApJ...439..860C,
   author = {{Collins}, II, G.~W. and {Truax}, R.~J.},
    title = "{Classical rotational broadening of spectral lines}",
  journal = {\apj},
 keywords = {Limb Darkening, Rotational Spectra, Spectral Line Width, Stellar Atmospheres, Stellar Models, Stellar Rotation, Doppler Effect, Fourier Transformation, Spectrum Analysis, Velocity Distribution},
     year = 1995,
    month = feb,
   volume = 439,
    pages = {860-874},
  adsnote = {Provided by the SAO/NASA Astrophysics Data System}
}

@ARTICLE{1969A&A.....3..462L,
   author = {{Lortet}, M.~C. and {Roueff}, E.},
    title = "{Broadening of Hydrogen Lines in a Neutral Medium}",
  journal = {\aap},
     year = 1969,
    month = dec,
   volume = 3,
    pages = {462},
  adsnote = {Provided by the SAO/NASA Astrophysics Data System}
}

@ARTICLE{1929ApJ....69..173S,
   author = {{Struve}, O.},
    title = "{The Stark Effect in Stellar Spectra}",
  journal = {\apj},
     year = 1929,
    month = apr,
   volume = 69,
    pages = {173},
  adsnote = {Provided by the SAO/NASA Astrophysics Data System}
}

@ARTICLE{2010A&A...523A..48J,
   author = {{Jordi}, C. and {Gebran}, M. and {Carrasco}, J.~M. and {de Bruijne}, J. and 
	{Voss}, H. and {Fabricius}, C. and {Knude}, J. and {Vallenari}, A. and 
	{Kohley}, R. and {Mora}, A.},
    title = "{Gaia broad band photometry}",
  journal = {\aap},
archivePrefix = "arXiv",
   eprint = {1008.0815},
 primaryClass = "astro-ph.IM",
 keywords = {instrumentation: photometers, techniques: photometric, Galaxy: general, dust, extinction, stars: evolution},
     year = 2010,
    month = nov,
   volume = 523,
      eid = {A48},
    pages = {A48},
  adsnote = {Provided by the SAO/NASA Astrophysics Data System}
}

@ARTICLE{2002A&A...391..195G,
   author = {{Girardi}, L. and {Bertelli}, G. and {Bressan}, A. and {Chiosi}, C. and 
	{Groenewegen}, M.~A.~T. and {Marigo}, P. and {Salasnich}, B. and 
	{Weiss}, A.},
    title = "{Theoretical isochrones in several photometric systems. I. Johnson-Cousins-Glass, HST/WFPC2, HST/NICMOS, Washington, and ESO Imaging Survey filter sets}",
  journal = {\aap},
   eprint = {astro-ph/0205080},
 keywords = {stars: fundamental parameters, Hertzprung-Russell (HR) and C-M diagrams},
     year = 2002,
    month = aug,
   volume = 391,
    pages = {195-212},
  adsnote = {Provided by the SAO/NASA Astrophysics Data System}
}

@ARTICLE{2018A&A...619A.177B,
       author = {{Baraffe}, Isabelle and {Chabrier}, Gilles},
        title = "{A closer look at the transition between fully convective and partly radiative low-mass stars}",
      journal = {\aap},
     keywords = {stars: low-mass, stars: evolution, Hertzsprung-Russell and C-M diagrams, convection, Astrophysics - Solar and Stellar Astrophysics},
         year = "2018",
        month = "Nov",
       volume = {619},
          eid = {A177},
        pages = {A177},
archivePrefix = {arXiv},
       eprint = {1809.07274},
 primaryClass = {astro-ph.SR},
      adsnote = {Provided by the SAO/NASA Astrophysics Data System}
}

@ARTICLE{1995A&A...293..889P,
   author = {{Predehl}, P. and {Schmitt}, J.~H.~M.~M.},
    title = "{X-raying the interstellar medium: ROSAT observations of dust scattering halos.}",
  journal = {\aap},
 keywords = {INTERSTELLAR MEDIUM: DUST, ISM: CAS A, X-RAYS: ISM},
     year = 1995,
    month = jan,
   volume = 293,
    pages = {889-905},
  adsnote = {Provided by the SAO/NASA Astrophysics Data System}
}

@ARTICLE{2004ApJ...616..912V,
   author = {{Valencic}, L.~A. and {Clayton}, G.~C. and {Gordon}, K.~D.},
    title = "{Ultraviolet Extinction Properties in the Milky Way}",
  journal = {\apj},
   eprint = {astro-ph/0408409},
 keywords = {ISM: Dust, Extinction, Ultraviolet: General},
     year = 2004,
    month = dec,
   volume = 616,
    pages = {912-924},
  adsnote = {Provided by the SAO/NASA Astrophysics Data System}
}

@ARTICLE{1842RSPT..132..225F,
   author = {{Forbes}, J.~D.},
    title = "{The Bakerian Lecture: On the Transparency of the Atmosphere and the Law of Extinction of the Solar Rays in Passing through It}",
  journal = {Philosophical Transactions of the Royal Society of London Series I},
     year = 1842,
   volume = 132,
    pages = {225-273},
  adsnote = {Provided by the SAO/NASA Astrophysics Data System}
}

@article{OHVRIL1999305,
title = "The atmospheric integral transparency coefficient and the Forbes effect",
journal = "Solar Energy",
volume = "66",
number = "4",
pages = "305 - 317",
year = "1999",
issn = "0038-092X",
url = "http://www.sciencedirect.com/science/article/pii/S0038092X99000316",
author = "Hanno Ohvril and Oleg Okulov and Hilda Teral and Kristina Teral",
abstract = "The Forbes effect (known from 1842) expresses the fact that a total (broadband) direct solar beam becomes increasingly penetrating on its way through the atmosphere – because of changes in its spectral content and loss of less penetrating spectral components. The effect restricts the use of the Bouguer-Lambert law for calculating the characteristics of transparency (or turbidity) of the air. Efforts to overcome this effect and to transform the coefficients of transparency to a given solar elevation have finally met with success, and in this study one of such methods (developed by Mürk and Ohvril) is presented in detail. This method is compared with those of Evnevich and Savikovskij. For solar elevations 20°≤h≤80° all three techniques are compatible, securing accuracy with an uncertainty below 2.5% with regard to standard values of the coefficient of transparency. Simple transition to the Linke turbidity factor is available. Time courses of mean annual values of the coefficient of atmospheric transparency at solar elevation h=30° and the Linke factor for the last 40 years at an Estonian station at Tiirikoja are given as examples. In the average the multiannual time courses demonstrate an increase of atmospheric turbidity as well as bear evidence of sensitivity to great volcanic eruptions."
}

@ARTICLE{2014MNRAS.444..392C,
   author = {{Casagrande}, L. and {VandenBerg}, D.~A.},
    title = "{Synthetic stellar photometry - I. General considerations and new transformations for broad-band systems}",
  journal = {\mnras},
archivePrefix = "arXiv",
   eprint = {1407.6095},
 primaryClass = "astro-ph.SR",
 keywords = {techniques: photometric, stars: atmospheres, stars: fundamental parameters, Hertzsprung-Russell and colour-magnitude diagrams, globular clusters: general},
     year = 2014,
    month = oct,
   volume = 444,
    pages = {392-419},
  adsnote = {Provided by the SAO/NASA Astrophysics Data System}
}

@ARTICLE{2013A&A...558A..53K,
       author = {{Kharchenko}, N.~V. and {Piskunov}, A.~E. and {Schilbach}, E. and
         {R{\"o}ser}, S. and {Scholz}, R. -D.},
        title = "{Global survey of star clusters in the Milky Way. II. The catalogue of basic parameters}",
      journal = {\aap},
     keywords = {globular clusters: general, open clusters and associations: general, Galaxy: stellar content, galaxies: photometry, galaxies: fundamental parameters, galaxies: star clusters: general, Astrophysics - Astrophysics of Galaxies},
         year = "2013",
        month = "Oct",
       volume = {558},
          eid = {A53},
        pages = {A53},
archivePrefix = {arXiv},
       eprint = {1308.5822},
 primaryClass = {astro-ph.GA},
      adsnote = {Provided by the SAO/NASA Astrophysics Data System}
}

@ARTICLE{2005A&A...438.1163K,
   author = {{Kharchenko}, N.~V. and {Piskunov}, A.~E. and {R{\"o}ser}, S. and 
	{Schilbach}, E. and {Scholz}, R.-D.},
    title = "{Astrophysical parameters of Galactic open clusters}",
  journal = {\aap},
   eprint = {astro-ph/0501674},
 keywords = {techniques: photometric, catalogs, astrometry, stars: kinematics, open clusters and associations: general, Galaxy: stellar content},
     year = 2005,
    month = aug,
   volume = 438,
    pages = {1163-1173},
  adsnote = {Provided by the SAO/NASA Astrophysics Data System}
}

@ARTICLE{2006A&A...456..523S,
   author = {{Schilbach}, E. and {Kharchenko}, N.~V. and {Piskunov}, A.~E. and 
	{R{\"o}ser}, S. and {Scholz}, R.-D.},
    title = "{Population analysis of open clusters: radii and mass segregation}",
  journal = {\aap},
   eprint = {astro-ph/0606225},
 keywords = {stars: luminosity function, mass function, Galaxy: disk, Galaxy: evolution, open clusters and associations: general, solar neighbourhood, Galaxy: stellar content},
     year = 2006,
    month = sep,
   volume = 456,
    pages = {523-534},
  adsnote = {Provided by the SAO/NASA Astrophysics Data System}
}
     
@ARTICLE{2018A&A...616A..10G,
   author = {{Gaia Collaboration} and {Babusiaux}, C. and {van Leeuwen}, F. and 
	{Barstow}, M.~A. and {Jordi}, C. and {Vallenari}, A. and {Bossini}, D. and 
	{Bressan}, A. and {Cantat-Gaudin}, T. and {van Leeuwen}, M. and et al.},
    title = "{Gaia Data Release 2. Observational Hertzsprung-Russell diagrams}",
  journal = {\aap},
archivePrefix = "arXiv",
   eprint = {1804.09378},
 primaryClass = "astro-ph.SR",
 keywords = {parallaxes, Hertzsprung-Russell and C-M diagrams, solar neighborhood, stars: evolution},
     year = 2018,
    month = aug,
   volume = 616,
      eid = {A10},
    pages = {A10},
  adsnote = {Provided by the SAO/NASA Astrophysics Data System}
}

@ARTICLE{1979ARA&A..17...73S,
   author = {{Savage}, B.~D. and {Mathis}, J.~S.},
    title = "{Observed properties of interstellar dust}",
  journal = {\araa},
 keywords = {Cosmic Dust, Interstellar Extinction, Interstellar Matter, Heavy Elements, Interstellar Radiation, Light Scattering, Linear Polarization, Thermal Emission, Ultraviolet Radiation},
     year = 1979,
   volume = 17,
    pages = {73-111},
  adsnote = {Provided by the SAO/NASA Astrophysics Data System}
}

@BOOK{2005essp.book.....S,
   author = {{Salaris}, M. and {Cassisi}, S.},
    title = "{Evolution of Stars and Stellar Populations}",
 keywords = {00/2005},
booktitle = {Evolution of Stars and Stellar Populations, by Maurizio Salaris, Santi Cassisi, pp.~400.~ISBN 0-470-09220-3.~Wiley-VCH , December 2005.},
     year = 2005,
    pages = {400},
  adsnote = {Provided by the SAO/NASA Astrophysics Data System}
}

@ARTICLE{2017Galax...5...28O,
   author = {{Ortolani}, S. and {Cassisi}, S. and {Salaris}, M.},
    title = "{Interstellar Reddening Effect on the Age Dating of Population II Stars}",
  journal = {Galaxies},
     year = 2017,
    month = jun,
   volume = 5,
    pages = {28},
  adsnote = {Provided by the SAO/NASA Astrophysics Data System}
}

@ARTICLE{1993KurCD..13.....K,
   author = {{Kurucz}, R.},
    title = "{ATLAS9 Stellar Atmosphere Programs and 2 km/s grid.}",
  journal = {ATLAS9 Stellar Atmosphere Programs and 2 km/s grid.~Kurucz CD-ROM No.~13.~ Cambridge, Mass.: Smithsonian Astrophysical Observatory, 1993.},
     year = 1993,
   volume = 13,
  adsnote = {Provided by the SAO/NASA Astrophysics Data System}
}

@ARTICLE{2004PASP..116..997V,
   author = {{VandenBerg}, D.~A. and {Stetson}, P.~B.},
    title = "{On the Old Open Clusters M67 and NGC 188: Convective Core Overshooting, Color-Temperature Relations, Distances, and Ages}",
  journal = {\pasp},
 keywords = {Stars: Hertzsprung-Russell Diagram, Galaxy: Open Clusters and Associations: General, Galaxy: Open Clusters and Associations: Individual: Messier Number: M67, Galaxy: Open Clusters and Associations: Individual: NGC Number: NGC 188, Stars: Evolution, Stars: General, convection},
     year = 2004,
    month = nov,
   volume = 116,
    pages = {997-1011},
  adsnote = {Provided by the SAO/NASA Astrophysics Data System}
}

@ARTICLE{2017ApJ...835...77M,
       author = {{Marigo}, Paola and {Girardi}, L{\'e}o and {Bressan}, Alessandro and
         {Rosenfield}, Philip and {Aringer}, Bernhard and {Chen}, Yang and
         {Dussin}, Marco and {Nanni}, Ambra and {Pastorelli}, Giada and
         {Rodrigues}, Tha{\'\i}se S.},
        title = "{A New Generation of PARSEC-COLIBRI Stellar Isochrones Including the TP-AGB Phase}",
      journal = {\apj},
     keywords = {stars: abundances, stars: AGB and post-AGB, stars: carbon, stars: evolution, stars: general, stars: mass loss, Astrophysics - Solar and Stellar Astrophysics},
         year = "2017",
        month = "Jan",
       volume = {835},
       number = {1},
          eid = {77},
        pages = {77},
archivePrefix = {arXiv},
       eprint = {1701.08510},
 primaryClass = {astro-ph.SR},
      adsnote = {Provided by the SAO/NASA Astrophysics Data System}
}

@ARTICLE{1997A&A...318..841C,
   author = {{Castelli}, F. and {Gratton}, R.~G. and {Kurucz}, R.~L.},
    title = "{Notes on the convection in the ATLAS9 model atmospheres.}",
  journal = {\aap},
 keywords = {STARS: ATMOSPHERES, STARS: FUNDAMENTAL PARAMETERS, STARS: INDIVIDUAL: PROCYON, SUN: GENERAL, CONVECTION},
     year = 1997,
    month = feb,
   volume = 318,
    pages = {841-869},
  adsnote = {Provided by the SAO/NASA Astrophysics Data System}
}

@ARTICLE{2018ApJ...856..125H,
   author = {{Hidalgo}, S.~L. and {Pietrinferni}, A. and {Cassisi}, S. and 
	{Salaris}, M. and {Mucciarelli}, A. and {Savino}, A. and {Aparicio}, A. and 
	{Silva Aguirre}, V. and {Verma}, K.},
    title = "{The Updated BaSTI Stellar Evolution Models and Isochrones. I. Solar-scaled Calculations}",
  journal = {\apj},
archivePrefix = "arXiv",
   eprint = {1802.07319},
 keywords = {galaxies: stellar content, Galaxy: disk, open clusters and associations: general, stars: evolution, stars: general},
     year = 2018,
    month = apr,
   volume = 856,
      eid = {125},
    pages = {125},
  adsnote = {Provided by the SAO/NASA Astrophysics Data System}
}

@ARTICLE{2016A&A...592A..29M,
   author = {{Matrozis}, E. and {Stancliffe}, R.~J.},
    title = "{Radiative levitation in carbon-enhanced metal-poor stars with s-process enrichment}",
  journal = {\aap},
archivePrefix = "arXiv",
   eprint = {1605.02791},
 primaryClass = "astro-ph.SR",
 keywords = {stars: carbon, stars: evolution, stars: abundances, binaries: general, atomic processes, methods: numerical},
     year = 2016,
    month = jul,
   volume = 592,
      eid = {A29},
    pages = {A29},
  adsnote = {Provided by the SAO/NASA Astrophysics Data System}
}

@ARTICLE{2008A&A...486..951G,
   author = {{Gustafsson}, B. and {Edvardsson}, B. and {Eriksson}, K. and 
	{J{\o}rgensen}, U.~G. and {Nordlund}, {\AA}. and {Plez}, B.},
    title = "{A grid of MARCS model atmospheres for late-type stars. I. Methods and general properties}",
  journal = {\aap},
archivePrefix = "arXiv",
   eprint = {0805.0554},
 keywords = {stars: atmospheres, Sun: abundances, stars: fundamental parameters, stars: general, stars: late-type, stars: supergiants},
     year = 2008,
    month = aug,
   volume = 486,
    pages = {951-970},
  adsnote = {Provided by the SAO/NASA Astrophysics Data System}
}

@ARTICLE{2018MNRAS.475.5023C,
   author = {{Casagrande}, L. and {VandenBerg}, D.~A.},
    title = "{Synthetic Stellar Photometry - II. Testing the bolometric flux scale and tables of bolometric corrections for the Hipparcos/Tycho, Pan-STARRS1, SkyMapper, and JWST systems}",
  journal = {\mnras},
archivePrefix = "arXiv",
   eprint = {1801.05508},
 primaryClass = "astro-ph.SR",
 keywords = {techniques: photometric, stars: atmospheres, stars: fundamental parameters, Hertzsprung-Russell and colour-magnitude diagrams, globular clusters: general},
     year = 2018,
    month = apr,
   volume = 475,
    pages = {5023-5040},
  adsnote = {Provided by the SAO/NASA Astrophysics Data System}
}

@ARTICLE{2016A&A...589A.140D,
   author = {{Deal}, M. and {Richard}, O. and {Vauclair}, S.},
    title = "{Hydrodynamical instabilities induced by atomic diffusion in A stars and their consequences}",
  journal = {\aap},
archivePrefix = "arXiv",
   eprint = {1604.01241},
 primaryClass = "astro-ph.SR",
 keywords = {convection, diffusion, hydrodynamics, stars: abundances},
     year = 2016,
    month = may,
   volume = 589,
      eid = {A140},
    pages = {A140},
  adsnote = {Provided by the SAO/NASA Astrophysics Data System}
}

@ARTICLE{1998ApJ...504..539T,
   author = {{Turcotte}, S. and {Richer}, J. and {Michaud}, G. and {Iglesias}, C.~A. and 
	{Rogers}, F.~J.},
    title = "{Consistent Solar Evolution Model Including Diffusion and Radiative Acceleration Effects}",
  journal = {\apj},
 keywords = {DIFFUSION, SUN: ABUNDANCES, SUN: EVOLUTION, SUN: INTERIOR, Diffusion, Sun: Abundances, Sun: Evolution, Sun: Interior},
     year = 1998,
    month = sep,
   volume = 504,
    pages = {539-558},
  adsnote = {Provided by the SAO/NASA Astrophysics Data System}
}

@ARTICLE{2018ARA&A..56...83B,
       author = {{Bastian}, Nate and {Lardo}, Carmela},
        title = "{Multiple Stellar Populations in Globular Clusters}",
      journal = {\araa},
     keywords = {Astrophysics - Solar and Stellar Astrophysics, Astrophysics - Astrophysics of Galaxies},
         year = "2018",
        month = "Sep",
       volume = {56},
        pages = {83-136},
archivePrefix = {arXiv},
       eprint = {1712.01286},
 primaryClass = {astro-ph.SR},
      adsnote = {Provided by the SAO/NASA Astrophysics Data System}
}

@ARTICLE{2015MNRAS.453.2070N,
   author = {{Niederhofer}, F. and {Georgy}, C. and {Bastian}, N. and {Ekstr{\"o}m}, S.
	},
    title = "{Apparent age spreads in clusters and the role of stellar rotation}",
  journal = {\mnras},
archivePrefix = "arXiv",
   eprint = {1507.07561},
 primaryClass = "astro-ph.SR",
 keywords = {Hertzsprung-Russell and colour-magnitude diagrams, stars: rotation, galaxies: individual: LMC, galaxies: star clusters: general},
     year = 2015,
    month = oct,
   volume = 453,
    pages = {2070-2074},
  adsnote = {Provided by the SAO/NASA Astrophysics Data System}
}

@ARTICLE{2016MNRAS.460L..20B,
   author = {{Bastian}, N. and {Niederhofer}, F. and {Kozhurina-Platais}, V. and 
	{Salaris}, M. and {Larsen}, S. and {Cabrera-Ziri}, I. and {Cordero}, M. and 
	{Ekstr{\"o}m}, S. and {Geisler}, D. and {Georgy}, C. and {Hilker}, M. and 
	{Kacharov}, N. and {Li}, C. and {Mackey}, D. and {Mucciarelli}, A. and 
	{Platais}, I.},
    title = "{A young cluster with an extended main-sequence turnoff: confirmation of a prediction of the stellar rotation scenario}",
  journal = {\mnras},
archivePrefix = "arXiv",
   eprint = {1604.01046},
 keywords = {galaxies: star clusters: individual: NGC 1850},
     year = 2016,
    month = jul,
   volume = 460,
    pages = {L20-L24},
  adsnote = {Provided by the SAO/NASA Astrophysics Data System}
}

@ARTICLE{1963ApJ...138.1134C,
   author = {{Collins}, II, G.~W.},
    title = "{Continuum Emission from a Rapidly Rotating Stellar Atmosphere.}",
  journal = {\apj},
     year = 1963,
    month = nov,
   volume = 138,
    pages = {1134},
  adsnote = {Provided by the SAO/NASA Astrophysics Data System}
}

@INPROCEEDINGS{2008ASPC..394..285P,
   author = {{Pasian}, F. and {Taffoni}, G. and {Vuerli}, C. and {Manzato}, P. and 
	{Gasparo}, S., F.~C. and {Pietrinferni}, A. and {Salaris}, M.
	},
    title = "{BaSTI: the Virtual Observatory meets the Computational Grid}",
booktitle = {Astronomical Data Analysis Software and Systems XVII},
     year = 2008,
   series = {Astronomical Society of the Pacific Conference Series},
   volume = 394,
   editor = {{Argyle}, R.~W. and {Bunclark}, P.~S. and {Lewis}, J.~R.},
    month = aug,
    pages = {285},
  adsnote = {Provided by the SAO/NASA Astrophysics Data System}
}

@ARTICLE{2012A&A...537A.146E,
   author = {{Ekstr{\"o}m}, S. and {Georgy}, C. and {Eggenberger}, P. and 
	{Meynet}, G. and {Mowlavi}, N. and {Wyttenbach}, A. and {Granada}, A. and 
	{Decressin}, T. and {Hirschi}, R. and {Frischknecht}, U. and 
	{Charbonnel}, C. and {Maeder}, A.},
    title = "{Grids of stellar models with rotation. I. Models from 0.8 to 120 M$_{⊙}$ at solar metallicity (Z = 0.014)}",
  journal = {\aap},
archivePrefix = "arXiv",
   eprint = {1110.5049},
 primaryClass = "astro-ph.SR",
 keywords = {stars: general, stars: evolution, stars: massive, stars: low-mass, stars: rotation},
     year = 2012,
    month = jan,
   volume = 537,
      eid = {A146},
    pages = {A146},
  adsnote = {Provided by the SAO/NASA Astrophysics Data System}
}

@ARTICLE{2017A&A...606A..55M,
   author = {{Matrozis}, E. and {Stancliffe}, R.~J.},
    title = "{Rotational mixing in carbon-enhanced metal-poor stars with s-process enrichment}",
  journal = {\aap},
archivePrefix = "arXiv",
   eprint = {1707.09434},
 primaryClass = "astro-ph.SR",
 keywords = {stars: carbon, stars: evolution, stars: abundances, stars: rotation, binaries: general},
     year = 2017,
    month = oct,
   volume = 606,
      eid = {A55},
    pages = {A55},
  adsnote = {Provided by the SAO/NASA Astrophysics Data System}
}

@ARTICLE{1998A&A...334.1000M,
   author = {{Maeder}, A. and {Zahn}, J.-P.},
    title = "{Stellar evolution with rotation. III. Meridional circulation with MU -gradients and non-stationarity}",
  journal = {\aap},
 keywords = {STARS: ROTATION, STARS: EARLY-TYPE, STARS: INTERIOR},
     year = 1998,
    month = jun,
   volume = 334,
    pages = {1000-1006},
  adsnote = {Provided by the SAO/NASA Astrophysics Data System}
}

@ARTICLE{2016ApJ...817...54M,
   author = {{Moore}, K. and {Garaud}, P.},
    title = "{Main Sequence Evolution with Layered Semiconvection}",
  journal = {\apj},
archivePrefix = "arXiv",
   eprint = {1506.01034},
 primaryClass = "astro-ph.SR",
 keywords = {convection, stars: evolution, stars: interiors},
     year = 2016,
    month = jan,
   volume = 817,
      eid = {54},
    pages = {54},
  adsnote = {Provided by the SAO/NASA Astrophysics Data System}
}

@ARTICLE{2010ApJ...723..563D,
   author = {{Denissenkov}, P.~A.},
    title = "{Numerical Simulations of Thermohaline Convection: Implications for Extra-mixing in Low-mass RGB Stars}",
  journal = {\apj},
archivePrefix = "arXiv",
   eprint = {1006.5481},
 primaryClass = "astro-ph.SR",
 keywords = {stars: abundances, stars: evolution, stars: interiors},
     year = 2010,
    month = nov,
   volume = 723,
    pages = {563-579},
  adsnote = {Provided by the SAO/NASA Astrophysics Data System}
}

@ARTICLE{2008ApJ...677..581E,
   author = {{Eggleton}, P.~P. and {Dearborn}, D.~S.~P. and {Lattanzio}, J.~C.
	},
    title = "{Compulsory Deep Mixing of $^{3}$He and CNO Isotopes in the Envelopes of Low-Mass Red Giants}",
  journal = {\apj},
archivePrefix = "arXiv",
   eprint = {0706.2710},
 keywords = {hydrodynamics, stars: abundances, stars: chemically peculiar, stars: evolution, stars: interiors, stars: Population II},
     year = 2008,
    month = apr,
   volume = 677,
    pages = {581-592},
  adsnote = {Provided by the SAO/NASA Astrophysics Data System}
}

@ARTICLE{2011ApJ...728...79A,
   author = {{Angelou}, G.~C. and {Church}, R.~P. and {Stancliffe}, R.~J. and 
	{Lattanzio}, J.~C. and {Smith}, G.~H.},
    title = "{Thermohaline Mixing and its Role in the Evolution of Carbon and Nitrogen Abundances in Globular Cluster Red Giants: The Test Case of Messier 3}",
  journal = {\apj},
archivePrefix = "arXiv",
   eprint = {1012.1925},
 primaryClass = "astro-ph.SR",
 keywords = {globular clusters: individual: M3, stars: abundances, stars: evolution, stars: Population II},
     year = 2011,
    month = feb,
   volume = 728,
      eid = {79},
    pages = {79},
  adsnote = {Provided by the SAO/NASA Astrophysics Data System}
}

@ARTICLE{2012ApJ...749..128A,
   author = {{Angelou}, G.~C. and {Stancliffe}, R.~J. and {Church}, R.~P. and 
	{Lattanzio}, J.~C. and {Smith}, G.~H.},
    title = "{The Role of Thermohaline Mixing in Intermediate- and Low-metallicity Globular Clusters}",
  journal = {\apj},
archivePrefix = "arXiv",
   eprint = {1202.2859},
 primaryClass = "astro-ph.SR",
 keywords = {globular clusters: individual: M3 M13 M15 M92 NGC 5466, stars: abundances, stars: evolution, stars: Population II},
     year = 2012,
    month = apr,
   volume = 749,
      eid = {128},
    pages = {128},
  adsnote = {Provided by the SAO/NASA Astrophysics Data System}
}

@ARTICLE{2007A&A...467L..15C,
   author = {{Charbonnel}, C. and {Zahn}, J.-P.},
    title = "{Thermohaline mixing: a physical mechanism governing the photospheric composition of low-mass giants}",
  journal = {\aap},
   eprint = {astro-ph/0703302},
 keywords = {instabilities, stars: abundances, stars: interiors, hydrodynamics},
     year = 2007,
    month = may,
   volume = 467,
    pages = {L15-L18},
  adsnote = {Provided by the SAO/NASA Astrophysics Data System}
}

@ARTICLE{2007A&A...476L..29C,
   author = {{Charbonnel}, C. and {Zahn}, J.-P.},
    title = "{Inhibition of thermohaline mixing by a magnetic field in Ap star descendants: implications for the Galactic evolution of $^{3}$He}",
  journal = {\aap},
archivePrefix = "arXiv",
   eprint = {0711.3395},
 keywords = {instabilities, stars: abundances, stars: evolution, Galaxy: evolution, magnetic fields},
     year = 2007,
    month = dec,
   volume = 476,
    pages = {L29-L32},
  adsnote = {Provided by the SAO/N}
}

@ARTICLE{2013A&A...553A...1M,
   author = {{Maeder}, A. and {Meynet}, G. and {Lagarde}, N. and {Charbonnel}, C.
	},
    title = "{The thermohaline, Richardson, Rayleigh-Taylor, Solberg-H{\o}iland, and GSF criteria in rotating stars}",
  journal = {\aap},
archivePrefix = "arXiv",
   eprint = {1303.3230},
 primaryClass = "astro-ph.SR",
 keywords = {convection, hydrodynamics, instabilities, turbulence},
     year = 2013,
    month = may,
   volume = 553,
      eid = {A1},
    pages = {A1},
  adsnote = {Provided by the SAO/NASA Astrophysics Data System}
}

@ARTICLE{1972ApJ...172..165U,
   author = {{Ulrich}, R.~K.},
    title = "{Thermohaline Convection in Stellar Interiors.}",
  journal = {\apj},
     year = 1972,
    month = feb,
   volume = 172,
    pages = {165},
  adsnote = {Provided by the SAO/NASA Astrophysics Data System}
}

@ARTICLE{1980A&A....91..175K,
   author = {{Kippenhahn}, R. and {Ruschenplatt}, G. and {Thomas}, H.-C.},
    title = "{The time scale of thermohaline mixing in stars}",
  journal = {\aap},
 keywords = {Atmospheric Circulation, Dynamic Stability, Helium Hydrogen Atmospheres, Main Sequence Stars, Stellar Envelopes, Stellar Structure, Atmospheric Diffusion, Diffusion Coefficient, Molecular Weight, Stellar Atmospheres, Stellar Oscillations},
     year = 1980,
    month = nov,
   volume = 91,
    pages = {175-180},
  adsnote = {Provided by the SAO/NASA Astrophysics Data System}
}

@ARTICLE{2013A&A...558A..46P,
   author = {{Pietrinferni}, A. and {Cassisi}, S. and {Salaris}, M. and {Hidalgo}, S.
	},
    title = "{The BaSTI Stellar Evolution Database: models for extremely metal-poor and super-metal-rich stellar populations}",
  journal = {\aap},
archivePrefix = "arXiv",
   eprint = {1308.3850},
 primaryClass = "astro-ph.SR",
 keywords = {stars: evolution, stars: interiors, stars: late-type, Hertzsprung-Russell and C-M diagrams, stars: low-mass},
     year = 2013,
    month = oct,
   volume = 558,
      eid = {A46},
    pages = {A46},
  adsnote = {Provided by the SAO/NASA Astrophysics Data System}
}

@INPROCEEDINGS{1988ESASP.281b.215C,
   author = {{Cardelli}, J.~A. and {Clayton}, G.~C. and {Mathis}, J.~S.},
    title = "{Correlations between optical/near-infrared and UV extinction parameters and the prediction of UV extinction from ground-based photometry}",
 keywords = {Infrared Spectra, Interstellar Extinction, Ultraviolet Absorption, Visible Spectrum, Iue, Spaceborne Astronomy, Stellar Spectrophotometry, Ultraviolet Astronomy, Ultraviolet Spectra, Variability},
booktitle = {ESA Special Publication},
     year = 1988,
   series = {ESA Special Publication},
   volume = 281,
    month = jun,
  adsnote = {Provided by the SAO/NASA Astrophysics Data System}
}

@ARTICLE{1988ApJ...328..734F,
   author = {{Fitzpatrick}, E.~L. and {Massa}, D.},
    title = "{An analysis of the shapes of ultraviolet extinction curves. II - The far-UV extinction}",
  journal = {\apj},
 keywords = {Far Ultraviolet Radiation, Interstellar Extinction, Lyman Alpha Radiation, Milky Way Galaxy, Ultraviolet Spectra, Cross Sections, Iue, Morphology, Optical Properties},
     year = 1988,
    month = may,
   volume = 328,
    pages = {734-746},
  adsnote = {Provided by the SAO/NASA Astrophysics Data System}
}

@ARTICLE{2015MNRAS.446.2673L,
   author = {{Lattanzio}, J.~C. and {Siess}, L. and {Church}, R.~P. and {Angelou}, G. and 
	{Stancliffe}, R.~J. and {Doherty}, C.~L. and {Stephen}, T. and 
	{Campbell}, S.~W.},
    title = "{On the numerical treatment and dependence of thermohaline mixing in red giants}",
  journal = {\mnras},
archivePrefix = "arXiv",
   eprint = {1410.6517},
 primaryClass = "astro-ph.SR",
 keywords = {diffusion, hydrodynamics, instabilities, stars: abundances, stars: evolution, stars: interiors},
     year = 2015,
    month = jan,
   volume = 446,
    pages = {2673-2688},
  adsnote = {Provided by the SAO/NASA Astrophysics Data System}
}

@ARTICLE{2006Sci...314.1580E,
   author = {{Eggleton}, P.~P. and {Dearborn}, D.~S.~P. and {Lattanzio}, J.~C.
	},
    title = "{Deep Mixing of $^{3}$He: Reconciling Big Bang and Stellar Nucleosynthesis}",
  journal = {Science},
   eprint = {astro-ph/0611039},
     year = 2006,
    month = dec,
   volume = 314,
    pages = {1580},
  adsnote = {Provided by the SAO/NASA Astrophysics Data System}
}

@ARTICLE{2010A&A...521A...9C,
   author = {{Cantiello}, M. and {Langer}, N.},
    title = "{Thermohaline mixing in evolved low-mass stars}",
  journal = {\aap},
archivePrefix = "arXiv",
   eprint = {1006.1354},
 primaryClass = "astro-ph.SR",
 keywords = {stars: abundances, stars: evolution, stars: magnetic field, nuclear reactions, nucleosynthesis, abundances, stars: AGB and post-AGB, stars: rotation},
     year = 2010,
    month = oct,
   volume = 521,
      eid = {A9},
    pages = {A9},
  adsnote = {Provided by the SAO/NASA Astrophysics Data System}
}


@ARTICLE{2017RSOS....470192S,
   author = {{Salaris}, M. and {Cassisi}, S.},
    title = "{Chemical element transport in stellar evolution models}",
  journal = {Royal Society Open Science},
archivePrefix = "arXiv",
   eprint = {1707.07454},
 primaryClass = "astro-ph.SR",
     year = 2017,
    month = aug,
   volume = 4,
      eid = {170192},
    pages = {170192},
  adsnote = {Provided by the SAO/NASA Astrophysics Data System}
}

@ARTICLE{2004astro.ph..5087C,
   author = {{Castelli}, F. and {Kurucz}, R.~L.},
    title = "{New Grids of ATLAS9 Model Atmospheres}",
  journal = {ArXiv Astrophysics e-prints},
   eprint = {astro-ph/0405087},
 keywords = {Astrophysics},
     year = 2004,
    month = may,
  adsnote = {Provided by the SAO/NASA Astrophysics Data System}
}

@ARTICLE{2018MNRAS.479L.102C,
   author = {{Casagrande}, L. and {VandenBerg}, D.~A.},
    title = "{On the use of Gaia magnitudes and new tables of bolometric corrections}",
  journal = {\mnras},
archivePrefix = "arXiv",
   eprint = {1806.01953},
 primaryClass = "astro-ph.SR",
 keywords = {techniques: photometric, stars: atmospheres, stars: fundamental parameters, stars: Hertzsprung-Russell and colour-magnitude diagrams},
     year = 2018,
    month = sep,
   volume = 479,
    pages = {L102-L107},
  adsnote = {Provided by the SAO/NASA Astrophysics Data System}
}

@ARTICLE{1989ApJ...345..245C,
   author = {{Cardelli}, J.~A. and {Clayton}, G.~C. and {Mathis}, J.~S.},
    title = "{The relationship between infrared, optical, and ultraviolet extinction}",
  journal = {\apj},
 keywords = {Infrared Spectra, Interstellar Extinction, Ultraviolet Spectra, Visible Spectrum, Computational Astrophysics, Interstellar Matter, Iue},
     year = 1989,
    month = oct,
   volume = 345,
    pages = {245-256},
  adsnote = {Provided by the SAO/NASA Astrophysics Data System}
}

@ARTICLE{2004ApJ...612..168P,
   author = {{Pietrinferni}, A. and {Cassisi}, S. and {Salaris}, M. and {Castelli}, F.
	},
    title = "{A Large Stellar Evolution Database for Population Synthesis Studies. I. Scaled Solar Models and Isochrones}",
  journal = {\apj},
   eprint = {astro-ph/0405193},
 keywords = {Galaxies: Stellar Content, Galaxy: Disk, Galaxy: Open Clusters and Associations: General, Stars: Evolution, Stars: Horizontal-Branch},
     year = 2004,
    month = sep,
   volume = 612,
    pages = {168-190},
  adsnote = {Provided by the SAO/NASA Astrophysics Data System}
}