@ARTICLE{2014MNRAS.444..392C,
   author = {{Casagrande}, L. and {VandenBerg}, D.~A.},
    title = "{Synthetic stellar photometry - I. General considerations and new transformations for broad-band systems}",
  journal = {\mnras},
archivePrefix = "arXiv",
   eprint = {1407.6095},
 primaryClass = "astro-ph.SR",
 keywords = {techniques: photometric, stars: atmospheres, stars: fundamental parameters, Hertzsprung-Russell and colour-magnitude diagrams, globular clusters: general},
     year = 2014,
    month = oct,
   volume = 444,
    pages = {392-419},
      doi = {10.1093/mnras/stu1476},
   adsurl = {http://adsabs.harvard.edu/abs/2014MNRAS.444..392C},
  adsnote = {Provided by the SAO/NASA Astrophysics Data System}
}

@ARTICLE{2005A&A...438.1163K,
   author = {{Kharchenko}, N.~V. and {Piskunov}, A.~E. and {R{\"o}ser}, S. and 
	{Schilbach}, E. and {Scholz}, R.-D.},
    title = "{Astrophysical parameters of Galactic open clusters}",
  journal = {\aap},
   eprint = {astro-ph/0501674},
 keywords = {techniques: photometric, catalogs, astrometry, stars: kinematics, open clusters and associations: general, Galaxy: stellar content},
     year = 2005,
    month = aug,
   volume = 438,
    pages = {1163-1173},
    doi = {10.1051/0004-6361:20042523},
   adsurl = {http://adsabs.harvard.edu/abs/2005A%26A...438.1163K},
  adsnote = {Provided by the SAO/NASA Astrophysics Data System}
}

@ARTICLE{2006A&A...456..523S,
   author = {{Schilbach}, E. and {Kharchenko}, N.~V. and {Piskunov}, A.~E. and 
	{R{\"o}ser}, S. and {Scholz}, R.-D.},
    title = "{Population analysis of open clusters: radii and mass segregation}",
  journal = {\aap},
   eprint = {astro-ph/0606225},
 keywords = {stars: luminosity function, mass function, Galaxy: disk, Galaxy: evolution, open clusters and associations: general, solar neighbourhood, Galaxy: stellar content},
     year = 2006,
    month = sep,
   volume = 456,
    pages = {523-534},
    doi = {10.1051/0004-6361:20054663},
   adsurl = {http://adsabs.harvard.edu/abs/2006A%26A...456..523S},
  adsnote = {Provided by the SAO/NASA Astrophysics Data System}
}
     
@ARTICLE{2018A&A...616A..10G,
   author = {{Gaia Collaboration} and {Babusiaux}, C. and {van Leeuwen}, F. and 
	{Barstow}, M.~A. and {Jordi}, C. and {Vallenari}, A. and {Bossini}, D. and 
	{Bressan}, A. and {Cantat-Gaudin}, T. and {van Leeuwen}, M. and et al.},
    title = "{Gaia Data Release 2. Observational Hertzsprung-Russell diagrams}",
  journal = {\aap},
archivePrefix = "arXiv",
   eprint = {1804.09378},
 primaryClass = "astro-ph.SR",
 keywords = {parallaxes, Hertzsprung-Russell and C-M diagrams, solar neighborhood, stars: evolution},
     year = 2018,
    month = aug,
   volume = 616,
      eid = {A10},
    pages = {A10},
    doi = {10.1051/0004-6361/201832843},
   adsurl = {http://adsabs.harvard.edu/abs/2018A%26A...616A..10G},
  adsnote = {Provided by the SAO/NASA Astrophysics Data System}
}